<?xml version="1.0" encoding="UTF-8"?><collection xmlns="http://www.loc.gov/MARC21/slim"><record><leader>00333nam--2200121-i-4500</leader><controlfield tag="001">000002095</controlfield><controlfield tag="002">20161230</controlfield><controlfield tag="005">20161230201024</controlfield><controlfield tag="008">060222s1000------------r-----000-0-eng-d</controlfield><datafield ind1=" " ind2=" " tag="100"><subfield code="a">Esnault-pelterie, Robert</subfield></datafield><datafield ind1=" " ind2=" " tag="245"><subfield code="a">Analyse dimensionnelle et metrologie. (le systeme gyiogi)</subfield></datafield><datafield ind1=" " ind2=" " tag="260"><subfield code="a">Lausanne, F.Rouge, /1950/ 132 P</subfield></datafield><datafield ind1=" " ind2=" " tag="852"><subfield code="a">3257</subfield></datafield></record></collection>